@BOOK{1998ppim.book.....S,
   author = {{Spitzer}, L.},
    title = "{Physical Processes in the Interstellar Medium}",
booktitle = {Physical Processes in the Interstellar Medium, by Lyman Spitzer, pp.~335.~ISBN 0-471-29335-0.~Wiley-VCH , May 1998.},
     year = 1998,
    month = may,
   adsurl = {http://adsabs.harvard.edu/abs/1998ppim.book.....S},
  adsnote = {Provided by the SAO/NASA Astrophysics Data System}
}
